000727468 FMT   L BK
000727468 LDR   L 00000cam^a22004932i^4500
000727468 001   L 000727468
000727468 005   L 20170122080133.0
000727468 008   L 920318s1975^^^^fi^|||||||||||||||d|fin||
000727468 015   L $$afx291592$$2skl
000727468 020   L $$a951-30-3333-3$$qnidottu
000727468 035   L $$a(FI-MELINDA)000727468
000727468 035   L $$z(FI-MELINDA)003302436
000727468 040   L $$aFI-NL
000727468 0411  L $$afin$$heng
000727468 042   L $$afinb
000727468 080   L $$a820
000727468 080   L $$a820$$x-2$$9FENNI<KEEP>
000727468 084   L $$a83.2$$2ykl
000727468 1001  L $$aShakespeare, William.
000727468 24010 L $$aKing Lear
000727468 24510 L $$aKuningas Lear /$$cWilliam Shakespeare ; suom. Matti Rossi ; saatesanat: Kalle Holmberg.
000727468 260   L $$aHelsinki :$$bTammi,$$c1975$$f(KK)
000727468 300   L $$a162, [1] s., 4 kuvalehteä :$$bkuvitettu
000727468 336   L $$ateksti$$btxt$$2rdacontent
000727468 337   L $$akäytettävissä ilman laitetta$$bn$$2rdamedia
000727468 338   L $$anide$$bnc$$2rdacarrier
000727468 4901  L $$aKurki-kirja$$9FENNI<DROP>
000727468 650 7 L $$akaunokirjallisuus$$xsuomenkielinen kirjallisuus$$2ysa
000727468 650 7 L $$askönlitteratur$$xfinsk litteratur$$2allars
000727468 653   L $$anäytelmät$$aenglannin kieli$$asuomenkielinen käännös
000727468 653   L $$askådespel$$aengelska$$afinsk översättning
000727468 7001  L $$aHolmberg, Kalle,$$d1939-2016
000727468 7001  L $$aRossi, Matti,$$d1934-
000727468 830 0 L $$aKurki-kirja.$$9FENNI<DROP>
000727468 908   L $$axxk
000727468 908   L $$agb
