005838226 FMT   L BK
005838226 LDR   L ^^^^^cam^a2201297^i^4500
005838226 001   L 005838226
005838226 005   L 20170124054323.0
005838226 008   L 110308s2010^^^^fi^||||^^m^^^|00|^0|eng|^
005838226 015   L $$afx964428$$2skl
005838226 020   L $$a978-952-476-320-2$$qnidottu
005838226 035   L $$a(FI-MELINDA)005838226
005838226 040   L $$aFI-NL
005838226 0410  L $$aeng$$bfin$$bswe
005838226 042   L $$afinb
005838226 072 7 L $$a87$$2kkaa
005838226 080   L $$a820.01
005838226 080   L $$a82$$9FENNI<KEEP>
005838226 084   L $$a86.53$$2ykl
005838226 084   L $$a86.5$$2ykl
005838226 1001  L $$aRodi-Risberg, Marinella.
005838226 24510 L $$aWriting trauma, writing time and space :$$bJane Smiley's A Thousand Acres and the Lear group of father-daughter incest narratives /$$cMarinella Rodi-Risberg.
005838226 260   L $$aVaasa :$$bVaasan yliopisto,$$c2010$$e([Tampere] :$$fTampereen Yliopistopaino)
005838226 300   L $$aXII, 305 s. ;$$c25 cm
005838226 336   L $$ateksti$$btxt$$2rdacontent
005838226 337   L $$akäytettävissä ilman laitetta$$bn$$2rdamedia
005838226 338   L $$anide$$bnc$$2rdacarrier
005838226 4901  L $$aActa Wasaensia,$$x0355-2667 ;$$vno. 229
005838226 4901  L $$aActa Wasaensia. Literary and cultural studies. English$$x1795-7494 ;$$v5
005838226 4901  L $$aActa Wasaensia,$$x0355-2667 ;$$v229
005838226 502   L $$aVäitöskirja :$$cVaasan yliopisto - University of Vaasa.
005838226 502   L $$aVäitöskirja :$$cVaasan yliopisto.$$9FENNI<KEEP>
005838226 520   L $$aSammandrag: Att skriva trauma, att skriva tid och rum : Jane Smileys A Thousand Acres och gruppen Kung Lear -berättelser som far-dotter-incest.$$9FENNI<KEEP>
005838226 520   L $$aTiivistelmä: Trauman, ajan ja tilan kirjoittaminen : Jane Smileyn A Thousand Acres -romaani ja King Lear -ryhmän isän ja tyttären väliset insestikertomukset.
005838226 520   L $$aTiivistelmä: Trauman, ajan ja tilan kirjoittaminen : Jane Smileyn A Thousand Acres-romaanin ja King Lear -ryhmän isän ja tyttären väliset insestikertomukset.$$9FENNI<KEEP>
005838226 520   L $$aSammandrag: Att skriva trauma, att skriva tid och rum : Jane Smileys A Thousand Acres och gruppen Kung Lear -berättelser om far-dotter-incest.
005838226 530   L $$aJulkaistu myös verkkoaineistona.
005838226 579   L $$aXLUETTELOITU$$bhelka
005838226 579   L $$aXLUETTELOITU$$btrito
005838226 60010 L $$aLear, King (Legendary character) in literature.
005838226 60014 L $$aMiner, Valerie. Walking fire.
005838226 60014 L $$aTyler, Anne.$$tLadder of years.$$9FENNI<KEEP>
005838226 60014 L $$aTyler, Anne.$$tElämän tikapuilla.$$9FENNI<KEEP>
005838226 60014 L $$aMiner, Valerie.$$tA walking fire.$$9FENNI<KEEP>
005838226 60014 L $$aMacInnes, Mairi.$$tThe quondam wives.$$9FENNI<KEEP>
005838226 60014 L $$aEsquivel, Laura.$$tComo agua para chocolate.$$9FENNI<KEEP>
005838226 60014 L $$aEsquivel, Laura.$$tPöytään ja vuoteeseen.$$9FENNI<KEEP>
005838226 60014 L $$aEllmann, Lucy.$$tSweet desserts.$$9FENNI<KEEP>
005838226 60014 L $$aAtwood, Margaret.$$tCat's eye.$$9FENNI<KEEP>
005838226 60014 L $$aAtwood, Margaret.$$tKissansilmä.$$9FENNI<KEEP>
005838226 60014 L $$aShakespeare, William.$$tKing Lear.$$9FENNI<KEEP>
005838226 60014 L $$aShakespeare, William.$$tKuningas Lear.$$9FENNI<KEEP>
005838226 60014 L $$aSmiley, Jane.$$tA thousand acres.$$9FENNI<KEEP>
005838226 650 7 L $$aekokritiikki$$2ysa$$9FENNI<KEEP>
005838226 650 7 L $$akirjallisuudentutkimus$$2ysa$$9FENNI<KEEP>
005838226 650 7 L $$akansantarinat$$2ysa$$9FENNI<KEEP>
005838226 650 7 L $$akaunokirjallisuus$$2ysa$$9FENNI<KEEP>
005838226 650 7 L $$atyttäret$$2ysa$$9FENNI<KEEP>
005838226 650 7 L $$aisät$$2ysa$$9FENNI<KEEP>
005838226 650 7 L $$ainsesti$$xtyttäret$$xisät$$xkirjallisuus$$2ysa
005838226 650 7 L $$atraumat$$xkaunokirjallisuus$$2ysa
005838226 650 7 L $$alitteraturvetenskap$$2ysa
005838226 650 7 L $$ainsesti$$2ysa$$9FENNI<KEEP>
005838226 650 7 L $$aenglanninkielinen kirjallisuus$$2ysa$$9FENNI<KEEP>
005838226 650 7 L $$atraumat$$2ysa$$9FENNI<KEEP>
005838226 650 7 L $$aintertekstuaalisuus$$2ysa$$9FENNI<KEEP>
005838226 650 7 L $$aekokritik$$2allars
005838226 650 7 L $$aengelskspråkig litteratur$$2allars
005838226 650 7 L $$aintertextualitet$$2allars
005838226 650 7 L $$atrauman$$2allars
005838226 650 7 L $$aincest$$2allars
005838226 650 7 L $$aromaani$$xintertekstuaalisuus$$2kitu
005838226 650 7 L $$akertomusperinne$$xinsesti$$2kula
005838226 650 7 L $$akaunokirjallisuus$$xaiheet$$xinsesti$$2kitu
005838226 650 7 L $$akirjallisuudentutkimus$$xekokritiikki$$2kitu
005838226 650 7 L $$akansansadut$$xinsesti$$2kula
005838226 650 0 L $$aEcocriticism in literature.
005838226 650 0 L $$aPsychic trauma in literature.
005838226 60014 L $$aSmiley, Jane,$$cA thousand acres.
005838226 60014 L $$aShakespeare, William,$$cKuningas Lear.
005838226 650 7 L $$akirjallisuus$$xinsesti$$2ysa
005838226 650 7 L $$akirjallisuus$$xtraumat$$2ysa
005838226 650 7 L $$aekokritiikki$$xKuningas Lear$$2ysa
005838226 650 7 L $$aisät$$xtyttäret$$xinsesti$$2ysa
005838226 830 0 L $$aActa Wasaensia,$$x0355-2667 ;$$vno. 229.
005838226 830 0 L $$aActa Wasaensia.$$pKirjallisuuden- ja kulttuurintutkimus,$$x1795-7494 ;$$v5.
005838226 85641 L $$uhttp://www.uwasa.fi/materiaali/pdf/isbn_978-952-476-320-2.pdf
005838226 830 0 L $$aActa Wasaensia,$$x0355-2667 ;$$v229.
005838226 830 0 L $$aActa Wasaensia. Literary and cultural studies. English,$$x1795-7494 ;$$v5.
005838226 901   L $$aMU20110317$$5FENNI
005838226 908   L $$afin
